@article{Grossman,
  author          = {Mark I. Grossman},
  journal         = {Notes and Records of the Royal Society of London},
  number          = {68},
  title           = {John Dalton and the London Atomists},
  volume          = {68(4)},
  pages           = {339-356},
  year            = {2014}
}
@article{weinberg,
  author          = {Steven Weinberg},
  journal         = {Physical Review Letters},
  number          = {21},
  title           = {A MODEL OF LEPTONS},
  volume          = {19},
  pages           = {},
  year            = {1967}
}
@article{Salam,
    author = "Salam, Abdus and Warc, JC",
    title = "{Electromagnetic and weak interactions}",
    journal = "Physics Letters",
    volume = "13",
    pages = "168-174",
    year = "1964"
}
@article{Glashow,
    author = "Glashow, S. L.",
    title = "{Partial Symmetries of Weak Interactions}",
    doi = "10.1016/0029-5582(61)90469-2",
    journal = "Nucl. Phys.",
    volume = "22",
    pages = "579--588",
    year = "1961"
}
@article{Higgs,
  title = {Broken Symmetries and the Masses of Gauge Bosons},
  author = {Higgs, Peter W.},
  journal = {Phys. Rev. Lett.},
  volume = {13},
  issue = {16},
  pages = {508--509},
  numpages = {0},
  year = {1964},
  month = {Oct},
  publisher = {American Physical Society},
  doi = {10.1103/PhysRevLett.13.508},
  url = {https://link.aps.org/doi/10.1103/PhysRevLett.13.508}
}
@article{yang-mills,
  title = {Conservation of Isotopic Spin and Isotopic Gauge Invariance},
  author = {Yang, C. N. and Mills, R. L.},
  journal = {Phys. Rev.},
  volume = {96},
  issue = {1},
  pages = {191--195},
  numpages = {0},
  year = {1954},
  month = {Oct},
  publisher = {American Physical Society},
  doi = {10.1103/PhysRev.96.191},
  url = {https://link.aps.org/doi/10.1103/PhysRev.96.191}
}
@article{wu,
  title = {Experimental Test of Parity Conservation in Beta Decay},
  author = {Wu, C. S. and Ambler, E. and Hayward, R. W. and Hoppes, D. D. and Hudson, R. P.},
  journal = {Phys. Rev.},
  volume = {105},
  issue = {4},
  pages = {1413--1415},
  numpages = {0},
  year = {1957},
  month = {Feb},
  publisher = {American Physical Society},
  doi = {10.1103/PhysRev.105.1413},
  url = {https://link.aps.org/doi/10.1103/PhysRev.105.1413}
}
@article{workman,
  author          = {R.L. Workman},
  journal         = {PTEP},
  number          = {},
  title           = {Review of Particle Physics},
  volume          = {2022},
  issue           = {8},
  month           = {August},
  year            = {2022},
  doi             = {083C01},
  pages           = {cit on pp. 23,25}
}
@article{pich,
  author          = {A. Pich},
  journal         = {arXiv:hep-ph/0502010},
  number          = {IFIC/05-13, FTUV/05-0201},
  title           = {The Standard Model of Electroweak Interactions},
  volume          = {},
  issue           = {},
  month           = {May},
  year            = {2004},
  doi             = {10.48550},
}
@article{ckm,
    author = "M. Kobayashi, T. Maskawa",
    title = "{CP-Violation in the Renormalizable Theory of Weak Interaction}",
    doi = "10.1143/PTP.49.652",
    journal = "Progress of Theoretical Physics",
    volume = "49(2)",
    pages = "652-657",
    year = "1973"
}
@article{noether,
  author          = {E. Noether},
  journal         = {Math-phys. Klasse},
  number          = {Seite 235-157},
  title           = {Invariante Variationsprobleme},
  volume          = {},
  year            = {1918}
}
@article{junk-Reproducibility,
	author = {Junk, Thomas and Lyons, Louis},
	journal = {Harvard Data Science Review},
	number = {4},
	year = {2020},
	month = {dec 21},
	note = {https://hdsr.mitpress.mit.edu/pub/1lhu0zvn},
	publisher = {},
	title = {Reproducibility and {Replication} of {Experimental} {Particle} {Physics} {Results}},
	volume = {2},
}
@article{neutrino-oscl,
  title = {Direct Evidence for Neutrino Flavor Transformation from Neutral-Current Interactions in the Sudbury Neutrino Observatory},
  author = {Ahmad et al, Q. R.},
  collaboration = {SNO Collaboration},
  journal = {Phys. Rev. Lett.},
  volume = {89},
  issue = {1},
  pages = {011301},
  numpages = {6},
  year = {2002},
  month = {Jun},
  publisher = {American Physical Society},
  doi = {10.1103/PhysRevLett.89.011301},
  url = {https://link.aps.org/doi/10.1103/PhysRevLett.89.011301}
}
@article{sakharov,
  author          = {Sakharov, Andrei D.},
  title           = {Violation of CP invariance, C asymmetry, and baryon asymmetry of the universe},
  journal         = {Soviet Physics Uspekhi},
  volume          = {34},
  issue           = {5},
  pages           = {392},
  year            = {1991-05},
  doi             = {10.1070/PU1991v034n05ABEH002497},
  url             = {https://dx.doi.org/10.1070/PU1991v034n05ABEH002497}
}
@article{Christenson,
  title = {Evidence for the $2\ensuremath{\pi}$ Decay of the $K_{2}^{0}$ Meson},
  author = {Christenson, J. H. and Cronin, J. W. and Fitch, V. L. and Turlay, R.},
  journal = {Phys. Rev. Lett.},
  volume = {13},
  issue = {4},
  pages = {138--140},
  numpages = {0},
  year = {1964},
  month = {Jul},
  publisher = {American Physical Society},
  doi = {10.1103/PhysRevLett.13.138},
  url = {https://link.aps.org/doi/10.1103/PhysRevLett.13.138}
}
@article{LHC,
  author          = {L. Evans and P. Bryant},
  journal         = {JINST},
  title           = {LHC Machine},
  volume          = {3, S08001},
  year            = {2008},
  doi             = {10.1088/1748-0221/3/08/S0800}
}
@article{atlas,
  author          = {ATLAS Collaboration},
  title           = {The ATLAS Experiment at the CERN Large Hadron Collider},
  journal         = {JINST},
  volume          = {3},
  issue           = {08},
  year            = {2008},
  pages           = {S08003},
  doi             = {10.1088/1748-0221/3/08/S08003},
  url             = {https://dx.doi.org/10.1088/1748-0221/3/08/S08003}
}
@article{cern-complex,
  author          = {E. Mobs},
  title           = {The CERN Accelerator Complex},
  year            = {August 2018},
  url             = {https://cds.cern.ch/record/2636343},
  pages           = {cit. on p. 36}
}
@article{cms,
  author          = {CMS Collaboration},
  title           = {The CMS Experiment at the CERN LHC},
  journal         = {JINST},
  volume          = {3},
  year            = {2008},
  pages           = {S08004},
  doi             = {10.1088/1748-0221/3/08/S08004}
}
@article{lhcb,
  author          = {LHCb Collaboration},
  title           = {The LHCb Detector at the LHC},
  journal         = {JINST},
  volume          = {3},
  year            = {2008},
  pages           = {S08005},
  doi             = {10.1088/1748-0221/3/08/S08005}
}
@article{alice,
  author          = {ALICE Collaboration},
  title           = {The ALICE experiment at the CERN LHC},
  journal         = {JINST},
  volume          = {3},
  year            = {2008},
  pages           = {S08002},
  doi             = {10.1088/1748-0221/3/08/S08002}
}
@article{DQ,
  author          = {ATLAS Collaboration},
  journal         = {G. Aad et al JINST},
  number          = {},
  title           = {ATLAS data quality operations and performance for 2015–2018 data-taking},
  volume          = {15},
  pages           = {P04003},
  year            = {2020}
}
@article{run1,
  author          = {R. Alemany-Fernandez et al.},
  journal         = {Tech. rep.},
  number          = {},
  title           = {Operation and Configuration of the LHC in Run 1},
  volume          = {},
  year            = {2013}
}
@article{run2,
  author          = {J. Wenninger},
  journal         = {Tech. rep.},
  number          = {},
  title           = {Operation and Configuration of the LHC in Run 2},
  volume          = {},
  year            = {2019}
}
@article{lumi,
  author          = {W. Herr and B. Muratori},
  journal         = {In: CERN Accelerator School at DESY Zeuthen: Accelerator Physics},
  number          = {},
  title           = {Concept of luminosity},
  volume          = {},
  year            = {2003},
  pages           = {364}
}
@article{trigger,
  author          = {ATLAS Collaboration, Et al. },
  journal         = {JINST},
  number          = {15.10},
  title           = {Operation of the ATLAS trigger system in Run 2},
  volume          = {},
  year            = {2020},
  pages           = {P10004}
}
@article{hllhc-tech,
  author          = {Béjar Alonso, et al.},
  journal         = {CERN Archives},
  number          = {},
  title           = {High-Luminosity Large Hadron Collider (HL-LHC): Technical design report},
  volume          = {10},
  year            = {2020},
  pages           = {}
}
@article{itk-tech,
  author          = {ATLAS Collaboration},
  journal         = {CERN, tech. rep.},
  number          = {},
  title           = {Technical Design Report for the ATLAS Inner Tracker Strip Detector},
  volume          = {},
  year            = {2017},
  pages           = {}
}
@article{muon-reco,
  author          = {G. Aad, Et al. },
  journal         = {In: EUR. Phys. },
  number          = {},
  title           = {Muon reconstruction and identification efficiency in ATLAS using the full Run 2 pp collision data set at $\surd$s = 13 TeV},
  volume          = {J. C 81.7},
  year            = {2021},
  pages           = {578}
}
@article{atlas-detects,
  author          = {J. Pequenao and P. Schaffner},
  journal         = {},
  number          = {},
  title           = {How ATLAS detects particles: diagram of particle paths in the detector},
  volume          = {},
  year            = {2013},
  pages           = {}
}
@article{e-y_performance,
  author          = {ATLAS collaboration},
  journal         = {JINST},
  number          = {14.12},
  title           = {Electron and photon performance measurements with the ATLAS detector using the 2015-2017 LHC proton-proton collision data},
  volume          = {},
  year            = {2019},
  pages           = {P12006}
}
@article{large-r-jets,
  author          = {ATLAS collaboration, Et al.},
  journal         = {In: Eur. Phys. J. C},
  number          = {81.4},
  title           = {Optimisation of large-radius jet reconstruction for the ATLAS detector in 13 TeV proton-proton collisions},
  volume          = {},
  year            = {2021},
  pages           = {334}
}
@article{track-reco,
  author          = {ATLAS Collaboration, Et al.},
  journal         = {In: Eur. Phys. J. C},
  number          = {77.10},
  title           = {Performance of the ATLAS Track Reconstruction Algorithms in Dense Environments in LHC Run 2},
  volume          = {},
  year            = {2017},
  pages           = {673}
}
@article{cca,
  author          = {A. Rosenfeld, J. Faltz},
  journal         = {J. ACM},
  number          = {13},
  title           = {Sequential operations in digital picture processing},
  volume          = {},
  year            = {1966},
  pages           = {471-494}
}
@article{newt,
  author          = {T. Cornelissen et al},
  journal         = {Tech. rep.},
  number          = {},
  title           = {Concepts, Design and Implementation of the ATLAS New Tracking (NEWT)},
  volume          = {ATL-SOFT-PUB-2007-007},
  year            = {2007},
  pages           = {}
}
@article{kalman,
  author          = {R. Frühwirth},
  journal         = {Nucl. Instrum. Methods},
  number          = {262},
  title           = {Application of Kalman filtering to track and vertex fitting},
  volume          = {A},
  year            = {1987},
  pages           = {444}
}
@article{ele-reco,
  author          = {ATLAS Collaboration et al.},
  journal         = {In: JINST},
  number          = {14.12},
  title           = {Electron and photon performance measurements with the ATLAS detector using the 2015-2017 LHC proton-proton collision data},
  volume          = {},
  year            = {2019},
  pages           = {}
}
@article{ele-reco-2015,
  author          = {ATLAS Collaboration Et al.},
  journal         = {In: Eur. Phys.},
  number          = {C 79},
  title           = {Electron reconstruction and identification in the ATLAS experiment using the 2015 and 2016 LHC proton–proton collision data at $\surd$s = 13 TeV},
  volume          = {J},
  year            = {2019},
  pages           = {639}
}
@article{ele-cali,
  author          = {ATLAS Collaboration Et al.},
  journal         = {In: JINST},
  number          = {14.03},
  title           = {Electron and photon energy calibration with the ATLAS detector using 2015-2016 LHC proton-proton collision data},
  volume          = {},
  year            = {2019},
  pages           = {P03017}
}
@article{Hough,
  author          = {J. Illingworth and J. Kittler},
  journal         = {issn: 0734-189X},
  number          = {44},
  title           = { A survey of the Hough transform. Comput. Vis. Gr. Image Process},
  volume          = {},
  year            = {1988},
  pages           = {87}
}
@article{antikt,
  author          = {M. Cacciari, G. P. Salam and G. Soyez},
  journal         = {In: JHEP},
  number          = {04},
  title           = {The anti-kt jet clustering algorithm},
  volume          = {},
  year            = {2008},
  pages           = {063}
}
@article{pflow,
  author          = {ATLAS Collab.},
  journal         = {In: Eur. Phys.},
  number          = {J. C 77.7},
  title           = {The anti-kt jet clustering algorithm},
  volume          = {},
  year            = {2017},
  pages           = {466}
}
@article{LR-jets,
  author          = {ATLAS Collab.},
  journal         = {In: Eur. Phys.},
  number          = {J. C 81.4},
  title           = {Optimisation of large-radius jet reconstruction for the ATLAS detector in 13 TeV proton-proton collisions},
  volume          = {},
  year            = {2021},
  pages           = {334}
}
@article{LR-jets-opt,
  author          = {ATLAS Collab.},
  journal         = {JHEP},
  number          = {09},
  title           = {Performance of jet substructure techniques for large-R jets in proton-proton collisions at $\surd$s = 7 TeV using the ATLAS detector},
  volume          = {},
  year            = {2013},
  pages           = {076}
}
@article{LR-jets-cali,
  author          = {ATLAS Collab.},
  journal         = {In: Eur. Phys.},
  number          = {J. C 79.9},
  title           = {In situ calibration of large-radius jet energy and mass in 13 TeV proton-proton collisions with the ATLAS detector},
  volume          = {},
  year            = {2019},
  pages           = {135}
}
@article{jes,
  author          = {ATLAS collab.},
  journal         = {In: Eur. Phys.},
  number          = {J. C 81.8},
  title           = {Jet energy scale and resolution measured in proton-proton collisions at $\surd$s = 13 TeV with the ATLAS detector},
  volume          = {},
  year            = {2021},
  pages           = {689}
}
@article{topo-cluster,
  author          = {ATLAS collab. Et al.},
  journal         = {In: Eur. Phys.},
  number          = {J. C 77},
  title           = {Topological cell clustering in the ATLAS calorimeters and its performance in LHC Run 1},
  volume          = {},
  year            = {2017},
  pages           = {639}
}
@article{jvt,
  author          = {ATLAS collab., Et al.},
  journal         = {In: Eur. Phys.},
  number          = {J. C 76.11},
  title           = {Performance of pile-up mitigation techniques for jets in pp collisions at $\surd$s = 8 TeV using the ATLAS detector},
  volume          = {},
  year            = {2016},
  pages           = {581}
}
@article{fjvt,
  author          = {ATLAS collab., et al.},
  journal         = {In: Tech. rep.},
  number          = {ATL-PHYS-PUB-2019-026},
  title           = {Forward jet vertex tagging using the particle flow algorithm},
  volume          = {},
  year            = {2019},
  pages           = {}
}
@article{review-of-hep,
  author          = {M. Tanabashi et al.},
  journal         = {In: Phys. Rev.},
  number          = {98},
  title           = {Forward jet vertex tagging using the particle flow algorithm},
  volume          = {D},
  year            = {2018},
  pages           = {03001}
}
@article{bjet-frag,
  author          = {ATLAS Collaboration, et al.},
  journal         = {In: Tech. rep.},
  number          = {ATLAS-CONF-2020-050},
  title           = {Measurements of b-jet moments sensitive to b-quark fragmentation in t$\bar{t}$ events at the LHC with the ATLAS detector},
  volume          = {},
  year            = {2020},
  pages           = {}
}
@article{DIPS,
  author          = {ATLAS Collaboration, et al.},
  journal         = {ATL-PHYS-PUB-2020-014},
  number          = {},
  title           = {Deep Sets based Neural Networks for Impact Parameter Flavour Tagging in ATLAS},
  volume          = {},
  year            = {2020},
  pages           = {}
}
@article{btag-opt-2016,
  author          = {ATLAS Collaboration, et al.},
  journal         = {ATL-PHYS-PUB-2016-012},
  number          = {},
  title           = {Optimisation of the ATLAS b-tagging performance for the 2016 LHC Run},
  volume          = {},
  year            = {2016},
  pages           = {}
}
@article{Deep_sets,
  author          = {M. Zaheer et al},
  journal         = {CoRR},
  number          = {},
  title           = {Deep Sets},
  volume          = {},
  year            = {2017},
  pages           = {2,5}
}
@article{btag-iden-eff,
  author          = {ATLAS Collaboration, et al.},
  journal         = {In. Eur. Phys},
  number          = {J. C 79},
  title           = {ATLAS b-jet identification performance and efficiency measurement with $t\bar{t}$ events in pp collisions at $surd$s = 13 TeV},
  volume          = {},
  year            = {2019},
  pages           = {970}
}
@article{gnn-ftag,
  author          = {ATLAS Collaboration, et al.},
  journal         = {ATL-PHYS-PUB-2022-027},
  number          = {},
  title           = {Graph Neural Network Jet Flavour Tagging with the ATLAS Detector},
  volume          = {},
  year            = {2022},
  pages           = {5-7}
}
@article{dl1d-hllhc-ftag,
  author          = {ATLAS Collaboration, et al.},
  journal         = {ATL-COM-PHYS-2022-934},
  number          = {},
  title           = {Neural Network Jet Flavour Tagging with the Upgraded ATLAS Inner Tracker Detector at the High-Luminosity LHC},
  volume          = {},
  year            = {2022},
  pages           = {}
}
@article{parton-showering,
  author          = {Stefan Höche},
  journal         = {Theoretical Advanced Study Institute in Elementary Particle Physics: Journeys Through the Precision Frontier},
  number          = {},
  title           = {Introduction to parton-shower event generators},
  volume          = {Amplitudes for Colliders},
  year            = {2015},
  pages           = {235-295}
}
@article{Lund-string,
  author          = {Bo Andersson, G. Gustafson, G. Ingelman and T. Sjöstrand},
  journal         = {Phys. Rept.},
  number          = {97},
  title           = {Parton fragmentation and string dynamics},
  volume          = {},
  year            = {1983},
  pages           = {31-145}
}
@article{Jan-cluster,
  author          = {Jan-Christopher Winter, Frank Krauss and Gerhard Soff},
  journal         = {Eur. Phys J. C},
  number          = {36},
  title           = { A modified cluster-hadronization model},
  volume          = {},
  year            = {2004},
  pages           = {381-395}
}
@article{sherpa-enrico,
  author          = {Enrico Bothmann et al.},
  journal         = {In: SciPost Phys.},
  number          = {7.3},
  title           = {Event generation with Sherpa 2.2},
  volume          = {},
  year            = {2019},
  pages           = {034}
}
@article{powheg,
  author          = {Heribertus B. Hartanto, Barbara Jäger, Laura Reina and Doreen Wackeroth},
  journal         = {In: SciPost Phys.},
  number          = {91.9},
  title           = {Higgs boson production in association with top quarks in the POWHEG BOX},
  volume          = {D},
  year            = {2019},
  pages           = {094003}
}
@article{pythia-stefan,
  author          = {Torbjörn Sjöstrand, et al. },
  journal         = {In: Comput. Phys. Commun},
  number          = {191},
  title           = {An introduction to PYTHIA 8.2},
  volume          = {},
  year            = {2015},
  pages           = {159}
}
@article{pythia-para,
  author          = {ATLAS Collab.},
  journal         = {ATL-PHYS-PUB-2014-021},
  number          = {191},
  title           = {ATLAS Pythia 8 tunes to 7 TeV data},
  volume          = {},
  year            = {2014},
  pages           = {}
}
@article{herwig,
  author          = {M. Bähr et al},
  journal         = {In: Eur. Phys.},
  number          = {J. C 58},
  title           = {Herwig$++$ physics and manual},
  volume          = {},
  year            = {2008},
  pages           = {639}
}
@article{herwig-para,
  author          = {Johannes Bellm et al.},
  journal         = {In: Eur. Phys.},
  number          = {J. C 76.4},
  title           = {Herwig 7.0/Herwig$++$ 3.0 release note},
  volume          = {},
  year            = {2016},
  pages           = {196}
}
@article{madgraph,
  author          = {Johan Alwall, et al.},
  journal         = {JHEP},
  number          = {09},
  title           = {MadGraph/MadEvent v4: The New Web Generation},
  volume          = {},
  year            = {2007},
  pages           = {028}
}
@article{geant4,
  author          = {S. Agostinelli et al.},
  journal         = {Nucl. Instrum. Meth.},
  number          = {506},
  title           = {GEANT4 $–$ a simulation toolkit},
  volume          = {A},
  year            = {2003},
  pages           = {250}
}
@article{fastsim,
  author          = {ATLAS Collab. et al.},
  journal         = {Tech. Rep. ATL-PHYS-PUB-2010-013 },
  number          = {},
  title           = {The simulation principle and performance of the ATLAS fast calorimeter simulation FastCaloSim},
  volume          = {},
  year            = {2010},
  pages           = {}
}
@article{numpy,
  author          = {Charles R. Harris et al.},
  journal         = { In: Nature 585.7825 },
  number          = {},
  title           = {Array programming with NumPy},
  volume          = {},
  year            = {2020},
  pages           = {357-362}
}
@article{pandas,
  author          = {The pandas development team},
  journal         = { Version latest },
  number          = {},
  title           = {pandas-dev/pandas: Pandas},
  volume          = {},
  year            = {2020},
  pages           = {}
}
@article{hdf5,
  author          = {The HDF Group},
  journal         = {},
  number          = {},
  title           = {Hierarchical data format version 5},
  volume          = {},
  year            = {2000-2010},
  pages           = {}
}
@article{json,
  author          = {Felipe Pezoa et al.},
  journal         = { In: Proceedings of the 25th International Conference on World Wide Web},
  number          = {},
  title           = {Foundations of JSON schema},
  volume          = {International World Wide Web Conferences Steering Committee},
  year            = {2016},
  pages           = {263-273}
}
@article{scikit,
  author          = {F. Pedregosa et al.},
  journal         = {},
  number          = {12},
  title           = {Scikit-learn: Machine Learning in Python},
  volume          = {},
  year            = {2011},
  pages           = {2825-2830}
}
@article{docker,
  author          = {Dirk Merkel},
  journal         = {In: Linux journal},
  number          = {2014.239},
  title           = {Docker: lightweight linux containers for consistent development and deployment},
  volume          = {},
  year            = {2014},
  pages           = {2}
}
@article{tensorflow,
  author          = { Martín Abadi et al.},
  journal         = {Software available from tensorflow.org},
  number          = {},
  title           = {TensorFlow: Large-Scale Machine Learning on Heterogeneous Systems},
  volume          = {},
  year            = {2015},
  pages           = {}
}
@article{keras,
  author          = {François Chollet et al.},
  journal         = {},
  number          = {},
  title           = {keras},
  volume          = {},
  year            = {2015},
  pages           = {}
}
@article{python,
  author          = {Guido Van Rossum and Fred L. Drake},
  journal         = {Scotts Valley, CA: CreateSpace},
  number          = {},
  title           = {Python 3 Reference Manual},
  volume          = {},
  year            = {2009},
  pages           = {}
}
@article{matplotlib,
  author          = {J. D. Hunter},
  journal         = {In: Computing in Science and Engineering},
  number          = {9.3},
  title           = {Matplotlib: A $2$D graphics environment},
  volume          = {},
  year            = {2007},
  pages           = {90-95}
}
@article{lwtnn,
  author          = {Daniel Hay Guest et al.},
  journal         = {Version v2.9},
  number          = {},
  title           = {lwtnn/lwtnn},
  volume          = {},
  year            = {2019},
  pages           = {},
  url             = {URL: https://doi.org/10.5281/zenodo}
}
@article{run4-ftag,
  author          = {ATLAS Collab et. al},
  journal         = {ATL-PHYS-PUB-2022-047},
  number          = {},
  title           = {Neural Network Jet Flavour Tagging with the Upgraded ATLAS Inner Tracker Detector at the High-Luminosity LHC},
  volume          = {},
  year            = {2022},
  pages           = {3-4},
}
@article{ele-cut,
  author          = {ATLAS Collab et. al},
  journal         = {In: Eur. Phys.},
  number          = {J. C 79},
  title           = {Electron reconstruction and identification in the ATLAS experiment using the 2015 and 2016 LHC proton–proton collision data at $\surd$s = 13 TeV},
  volume          = {},
  year            = {2019},
  pages           = {693},
}
@article{hgtd,
  author          = {ATLAS Collab et. al},
  journal         = {ATL-LARG-PROC-2018-003},
  number          = {},
  title           = {A High-Granularity Timing Detector (HGTD) in ATLAS : Performance at the HL-LHC},
  volume          = {},
  year            = {2018},
  pages           = {6},
}
@article{ssm,
  author          = {B. M. G. Altarelli and M. Ruiz-Altaba},
  journal         = {Z. Phys.},
  number          = {109},
  title           = {Searching for new heavy vector bosons in pp colliders},
  volume          = {C 45},
  year            = {1989},
  pages           = {},
}
@article{Zp,
  author          = {F. Yu},
  journal         = {Phys. Rev.},
  number          = {094028},
  title           = {A Z’ Model for the CDF Dĳet Anomaly},
  volume          = {D83},
  year            = {2011},
  pages           = {},
}
@article{wkk1,
  author          = {K. Agashe, P. Du, S. Hong and R. Sundrum},
  journal         = {JHEP},
  number          = {016},
  title           = {Flavor Universal Resonances and Warped Gravity},
  volume          = {01},
  year            = {2017},
  pages           = {},
}
@article{wkk2,
  author          = {K. S. Agashe et al},
  journal         = {JHEP},
  number          = {078},
  title           = {LHC Signals from Cascade Decays of Warped Vector Resonances},
  volume          = {05},
  year            = {2017},
  pages           = {},
}
@article{comp-lep,
  author          = {M. Chala and M. Spannowsky},
  journal         = {Phys. Rev. },
  number          = {98},
  title           = {Behavior of composite resonances breaking lepton flavor universality},
  volume          = {D},
  year            = {2018},
  pages           = {},
}
@article{ch-higg1,
  author          = {M. Magg and C. Wetterich},
  journal         = {Phys. Rev. },
  number          = {98},
  title           = {Neutrino Mass Problem and Gauge Hierarchy},
  volume          = {B},
  year            = {1981},
  pages           = {},
}
@article{rmm,
  author          = {S. V. Chekanov},
  journal         = {Nucl. Instrum. Meth.},
  number          = {931},
  title           = {Imaging particle collision data for event classification using machine learning},
  volume          = {A},
  year            = {2019},
  pages           = {},
}
@article{dijet-res,
  author          = {ATLAS Collab. et al.},
  journal         = {JHEP 06},
  number          = {},
  title           = {Search for dĳet resonances in events with an isolated charged lepton using $\surd$s = 13 TeV proton-proton collision data collected by the ATLAS detector},
  volume          = {},
  year            = {2020},
  pages           = {},
}
@article{iso-lep-res,
  author          = {ATLAS Collab. et al.},
  journal         = {tech. rep. ATLAS-CONF-2022-048},
  number          = {},
  title           = {Search for new phenomena in multi-body invariant masses in events with at least one isolated lepton using 13 TeV proton-proton collision data collected by the ATLAS detector},
  volume          = {},
  year            = {2022},
  pages           = {},
}
@article{disc-sens,
  author          = {G. Cowan},
  journal         = {},
  number          = {},
  title           = {Discovery sensitivity for a counting experiment with with background uncertainty},
  volume          = {},
  year            = {2012},
  pages           = {},
}
@article{fit-hypo,
  author          = {ATLAS Collaboration et al.},
  journal         = {arXiv},
  number          = {1804.03496},
  title           = {Search for low-mass dĳet resonances using trigger-level jets with the ATLASdetector in p p collisions at $\surd$s = 13 TeV},
  volume          = {},
  year            = {2018},
  pages           = {},
}
@article{alt-fit-hypo,
  author          = {ATLAS Collaboration et al.},
  journal         = {tech. rep. ATLAS-CONF-2018-015},
  number          = {},
  title           = {Search for dĳet resonances in events with an isolated lepton using $\surd$s = 13 TeV proton-proton collision data collected by the ATLAS detector},
  volume          = {},
  year            = {2018},
  pages           = {},
}
@article{f-test,
  author          = {N. Berger},
  journal         = {tech. rep. ATL-COM-PHYS-2020-418},
  number          = {},
  title           = {Recommendations for the Modeling of Smooth Backgrounds},
  volume          = {},
  year            = {2020},
  pages           = {},
}
@article{look-elsewhwere,
  author          = {E. Gross and O. Vitells},
  journal         = {Eur. Phys. J.},
  number          = {C70},
  title           = {Trial factors for the look elsewhere effect in high energy physics},
  volume          = {},
  year            = {2010},
  pages           = {},
}
@article{smoothing,
  author          = {J. Luo, K. Ying and J. Bai},
  journal         = {Signal Processing},
  number          = {85},
  title           = {Savitzky-Golay smoothing and differentiation filter for even number data},
  volume          = {ISSN: 0165-1684},
  year            = {2005},
  pages           = {},
}
@article{limit-setting,
  author          = {G. Cowan, K. Cranmer, E. Gross and O. Vitells},
  journal         = {The European Physics Journal},
  number          = {C 71},
  title           = {Asymptotic formulae for likelihood-based tests of new physics},
  volume          = {ISSN: 1434-6052},
  year            = {2011},
  pages           = {},
}